@online{biblatex,
  title = {Biblatex â€“ Sophisticated Bibliographies in LaTeX},
  publisher = {Dansk Standard},
  year = {2018},
  author = {Philipp Lehman AND Joseph Wright AND Audrey Boruvka AND Philip Kime},
  url = {https://www.ctan.org/pkg/biblatex}
}

@article{goodfellow2020generative,
  title={Generative adversarial networks},
  author={Goodfellow, Ian and Pouget-Abadie, Jean and Mirza, Mehdi and Xu, Bing and Warde-Farley, David and Ozair, Sherjil and Courville, Aaron and Bengio, Yoshua},
  journal={Communications of the ACM},
  volume={63},
  number={11},
  pages={139--144},
  year={2020},
  publisher={ACM New York, NY, USA}
}

@article{ho2020denoising,
  title={Denoising diffusion probabilistic models},
  author={Ho, Jonathan and Jain, Ajay and Abbeel, Pieter},
  journal={Advances in Neural Information Processing Systems},
  volume={33},
  pages={6840--6851},
  year={2020}
}

@inproceedings{sohl2015deep,
  title={Deep unsupervised learning using nonequilibrium thermodynamics},
  author={Sohl-Dickstein, Jascha and Weiss, Eric and Maheswaranathan, Niru and Ganguli, Surya},
  booktitle={International Conference on Machine Learning},
  pages={2256--2265},
  year={2015},
  organization={PMLR}
}

@inproceedings{ronneberger2015u,
  title={U-net: Convolutional networks for biomedical image segmentation},
  author={Ronneberger, Olaf and Fischer, Philipp and Brox, Thomas},
  booktitle={Medical Image Computing and Computer-Assisted Intervention--MICCAI 2015: 18th International Conference, Munich, Germany, October 5-9, 2015, Proceedings, Part III 18},
  pages={234--241},
  year={2015},
  organization={Springer}
}

@article{schuhmann2022laion,
  title={Laion-5b: An open large-scale dataset for training next generation image-text models},
  author={Schuhmann, Christoph and Beaumont, Romain and Vencu, Richard and Gordon, Cade and Wightman, Ross and Cherti, Mehdi and Coombes, Theo and Katta, Aarush and Mullis, Clayton and Wortsman, Mitchell and others},
  journal={arXiv preprint arXiv:2210.08402},
  year={2022}
}

@online{SDCardHF,
  author = {Robin Rombach and Patrick Esser},
  title = {Hugging Face - Stable Diffusion},
  year = {2023},
  url = {https://huggingface.co/CompVis/stable-diffusion},
  urldate = {2023-03-02}
}

@inproceedings{nichol2021improved,
  title={Improved denoising diffusion probabilistic models},
  author={Nichol, Alexander Quinn and Dhariwal, Prafulla},
  booktitle={International Conference on Machine Learning},
  pages={8162--8171},
  year={2021},
  organization={PMLR}
}

@article{dhariwal2021diffusion,
  title={Diffusion models beat gans on image synthesis},
  author={Dhariwal, Prafulla and Nichol, Alexander},
  journal={Advances in Neural Information Processing Systems},
  volume={34},
  pages={8780--8794},
  year={2021}
}

@article{brock2018large,
  title={Large scale GAN training for high fidelity natural image synthesis},
  author={Brock, Andrew and Donahue, Jeff and Simonyan, Karen},
  journal={arXiv preprint arXiv:1809.11096},
  year={2018}
}

@inproceedings{rombach2022high,
  title={High-resolution image synthesis with latent diffusion models},
  author={Rombach, Robin and Blattmann, Andreas and Lorenz, Dominik and Esser, Patrick and Ommer, Bj{\"o}rn},
  booktitle={Proceedings of the IEEE/CVF Conference on Computer Vision and Pattern Recognition},
  pages={10684--10695},
  year={2022}
}

@inproceedings{radford2021learning,
  title={Learning transferable visual models from natural language supervision},
  author={Radford, Alec and Kim, Jong Wook and Hallacy, Chris and Ramesh, Aditya and Goh, Gabriel and Agarwal, Sandhini and Sastry, Girish and Askell, Amanda and Mishkin, Pamela and Clark, Jack and others},
  booktitle={International conference on machine learning},
  pages={8748--8763},
  year={2021},
  organization={PMLR}
}

@article{cherti2022reproducible,
  title={Reproducible scaling laws for contrastive language-image learning},
  author={Cherti, Mehdi and Beaumont, Romain and Wightman, Ross and Wortsman, Mitchell and Ilharco, Gabriel and Gordon, Cade and Schuhmann, Christoph and Schmidt, Ludwig and Jitsev, Jenia},
  journal={arXiv preprint arXiv:2212.07143},
  year={2022}
}

@misc{wikiStableDiffusion,
author={Wikipedia},
title={Stable Diffusion, Wikipedia, The Free Encyclopedia},
year={2023},
url={https://en.wikipedia.org/wiki/Stable_Diffusion},
note={Online; accessed 12-April-2023}
}

@article{mansimov2015generating,
  title={Generating images from captions with attention},
  author={Mansimov, Elman and Parisotto, Emilio and Ba, Jimmy Lei and Salakhutdinov, Ruslan},
  journal={arXiv preprint arXiv:1511.02793},
  year={2015}
}

@inproceedings{esser2021taming,
  title={Taming transformers for high-resolution image synthesis},
  author={Esser, Patrick and Rombach, Robin and Ommer, Bjorn},
  booktitle={Proceedings of the IEEE/CVF conference on computer vision and pattern recognition},
  pages={12873--12883},
  year={2021}
}

@inproceedings{saharia2022palette,
  title={Palette: Image-to-image diffusion models},
  author={Saharia, Chitwan and Chan, William and Chang, Huiwen and Lee, Chris and Ho, Jonathan and Salimans, Tim and Fleet, David and Norouzi, Mohammad},
  booktitle={ACM SIGGRAPH 2022 Conference Proceedings},
  pages={1--10},
  year={2022}
}

@article{nichol2021glide,
  title={Glide: Towards photorealistic image generation and editing with text-guided diffusion models},
  author={Nichol, Alex and Dhariwal, Prafulla and Ramesh, Aditya and Shyam, Pranav and Mishkin, Pamela and McGrew, Bob and Sutskever, Ilya and Chen, Mark},
  journal={arXiv preprint arXiv:2112.10741},
  year={2021}
}

@article{ramesh2022hierarchical,
  title={Hierarchical text-conditional image generation with clip latents},
  author={Ramesh, Aditya and Dhariwal, Prafulla and Nichol, Alex and Chu, Casey and Chen, Mark},
  journal={arXiv preprint arXiv:2204.06125},
  year={2022}
}

@article{gal2022image,
  title={An image is worth one word: Personalizing text-to-image generation using textual inversion},
  author={Gal, Rinon and Alaluf, Yuval and Atzmon, Yuval and Patashnik, Or and Bermano, Amit H and Chechik, Gal and Cohen-Or, Daniel},
  journal={arXiv preprint arXiv:2208.01618},
  year={2022}
}


@article{ruiz2022dreambooth,
  title={Dreambooth: Fine tuning text-to-image diffusion models for subject-driven generation},
  author={Ruiz, Nataniel and Li, Yuanzhen and Jampani, Varun and Pritch, Yael and Rubinstein, Michael and Aberman, Kfir},
  journal={arXiv preprint arXiv:2208.12242},
  year={2022}
}


@article{zhang2023adding,
  title={Adding conditional control to text-to-image diffusion models},
  author={Zhang, Lvmin and Agrawala, Maneesh},
  journal={arXiv preprint arXiv:2302.05543},
  year={2023}
}

@article{cubuk2018autoaugment,
  title={Autoaugment: Learning augmentation policies from data},
  author={Cubuk, Ekin D and Zoph, Barret and Mane, Dandelion and Vasudevan, Vijay and Le, Quoc V},
  journal={arXiv preprint arXiv:1805.09501},
  year={2018}
}

@misc{requestsresearch,
author={OpenAI},
title={Requests for Research 2.0},
year={2018},
url={https://openai.com/research/requests-for-research-2},
note={Online; accessed 13-May-2023}
}

@inproceedings{cubuk2020randaugment,
  title={Randaugment: Practical automated data augmentation with a reduced search space},
  author={Cubuk, Ekin D and Zoph, Barret and Shlens, Jonathon and Le, Quoc V},
  booktitle={Proceedings of the IEEE/CVF conference on computer vision and pattern recognition workshops},
  pages={702--703},
  year={2020}
}

@inproceedings{ghiasi2021simple,
  title={Simple copy-paste is a strong data augmentation method for instance segmentation},
  author={Ghiasi, Golnaz and Cui, Yin and Srinivas, Aravind and Qian, Rui and Lin, Tsung-Yi and Cubuk, Ekin D and Le, Quoc V and Zoph, Barret},
  booktitle={Proceedings of the IEEE/CVF conference on computer vision and pattern recognition},
  pages={2918--2928},
  year={2021}
}

@article{azizi2023synthetic,
  title={Synthetic data from diffusion models improves imagenet classification},
  author={Azizi, Shekoofeh and Kornblith, Simon and Saharia, Chitwan and Norouzi, Mohammad and Fleet, David J},
  journal={arXiv preprint arXiv:2304.08466},
  year={2023}
}

@inproceedings{sariyildiz2023fake,
  title={Fake it till you make it: Learning transferable representations from synthetic ImageNet clones},
  author={Sariyildiz, Mert Bulent and Alahari, Karteek and Larlus, Diane and Kalantidis, Yannis},
  booktitle={CVPR 2023--IEEE/CVF Conference on Computer Vision and Pattern Recognition},
  year={2023}
}

@inproceedings{ruiz2023dreambooth,
  title={Dreambooth: Fine tuning text-to-image diffusion models for subject-driven generation},
  author={Ruiz, Nataniel and Li, Yuanzhen and Jampani, Varun and Pritch, Yael and Rubinstein, Michael and Aberman, Kfir},
  booktitle={Proceedings of the IEEE/CVF Conference on Computer Vision and Pattern Recognition},
  pages={22500--22510},
  year={2023}
}

@article{zhuang2020comprehensive,
  title={A comprehensive survey on transfer learning},
  author={Zhuang, Fuzhen and Qi, Zhiyuan and Duan, Keyu and Xi, Dongbo and Zhu, Yongchun and Zhu, Hengshu and Xiong, Hui and He, Qing},
  journal={Proceedings of the IEEE},
  volume={109},
  number={1},
  pages={43--76},
  year={2020},
  publisher={IEEE}
}

@misc{newyorktimesbelieve,
author={Tiffany Hsu, Steven Lee Myers},
title={Can We No Longer Believe Anything We See?},
year={2023},
url={https://www.nytimes.com/2023/04/08/business/media/ai-generated-images.html},
note={Online; accessed 15-May-2023}
}

@article{Parkhi2012CatsAD,
  title={Cats and dogs},
  author={Omkar M. Parkhi and Andrea Vedaldi and Andrew Zisserman and C. V. Jawahar},
  journal={2012 IEEE Conference on Computer Vision and Pattern Recognition},
  year={2012},
  pages={3498-3505}
}

@inproceedings{bossard14,
  title = {Food-101 -- Mining Discriminative Components with Random Forests},
  author = {Bossard, Lukas and Guillaumin, Matthieu and Van Gool, Luc},
  booktitle = {European Conference on Computer Vision},
  year = {2014}
}

@inproceedings{he2016deep,
  title={Deep residual learning for image recognition},
  author={He, Kaiming and Zhang, Xiangyu and Ren, Shaoqing and Sun, Jian},
  booktitle={Proceedings of the IEEE conference on computer vision and pattern recognition},
  pages={770--778},
  year={2016}
}

@article{chen2017rethinking,
  title={Rethinking atrous convolution for semantic image segmentation},
  author={Chen, Liang-Chieh and Papandreou, George and Schroff, Florian and Adam, Hartwig},
  journal={arXiv preprint arXiv:1706.05587},
  year={2017}
}

@misc{stablediffusiondiffusers,
author={Suraj Patil, Pedro Cuenca, Nathan Lambert and Patrick von Platen},
title={Stable Diffusion with Diffusers},
year={2022},
url={https://huggingface.co/blog/stable_diffusion},
note={Online; accessed 13-March-2023}
}

@misc{dreamboothdiffusers,
author={Suraj Patil, Pedro Cuenca and Valentine Kozin},
title={Training Stable Diffusion with Dreambooth using Diffusers},
year={2022},
url={https://huggingface.co/blog/dreambooth},
note={Online; accessed 17-March-2023}
}

@misc{HPCDTU,
title={GPU nodes},
year={2023},
url={https://www.hpc.dtu.dk/?page_id=2129},
note={Online; accessed 6-June-2023}
}